% ------------------------------------------------------------------------
% BIBLIOGRAPHY FILE
% 
% ------------------------------------------------------------------------
@article{culmsee2005apoptosis,
  title={Apoptosis-inducing factor triggered by poly (ADP-ribose) polymerase and Bid mediates neuronal cell death after oxygen-glucose deprivation and focal cerebral ischemia},
  author={Culmsee, Carsten and Zhu, Changlian and Landshamer, Stefan and Becattini, Barbara and Wagner, Ernst and Pellecchia, Maurizio and Blomgren, Klas and Plesnila, Nikolaus},
  journal={The Journal of neuroscience},
  volume={25},
  number={44},
  pages={10262--10272},
  year={2005},
  publisher={Soc Neuroscience}
}

@article{novo1995patients,
  title={The patients with intermittent claudication. Everyday problems in clinical cardiology},
  author={Novo, S},
  journal={Excerpta Medica: Amsterdam},
  volume={5},
  number={7},
  year={1995}
}

@article{novo2004critical,
  title={Critical limb ischemia: definition and natural history},
  author={Novo, S and Coppola, G and Milio, G},
  journal={Current Drug Targets-Cardiovascular \& Hematological Disorders},
  volume={4},
  number={3},
  pages={219--225},
  year={2004},
  publisher={Bentham Science Publishers}
}

@article{norgren2007inter,
  title={Inter-society consensus for the management of peripheral arterial disease (TASC II)},
  author={Norgren, Lars and Hiatt, William R and Dormandy, John A and Nehler, Mark R and Harris, Kenneth A and Fowkes, F Gerry R and Tasc II Working Group and others},
  journal={European Journal of Vascular and Endovascular Surgery},
  volume={33},
  number={1},
  pages={S1--S75},
  year={2007},
  publisher={Elsevier}
}

@article{chhabra2013compartment,
  title={Compartment syndrome as a spectrum of purple glove syndrome following intravenous phenytoin administration in a young male: A case report and review of literature},
  author={Chhabra, Puneet and Gupta, Nikhil and Kaushik, Atul and others},
  journal={Neurology India},
  volume={61},
  number={4},
  pages={419},
  year={2013},
  publisher={Medknow}
}

@article{lamborn2014compartment,
  title={Compartment syndrome as a complication of ileofemoral deep venous thrombosis: a case presentation.},
  author={Lamborn, David R and Schranz, Craig},
  journal={The American journal of emergency medicine},
  volume={32},
  number={2},
  pages={192--e1},
  year={2014}
}

@article{dodd2013foot,
  title={Foot compartment syndrome: diagnosis and management},
  author={Dodd, Andrew and Le, Ian},
  journal={Journal of the American Academy of Orthopaedic Surgeons},
  volume={21},
  number={11},
  pages={657--664},
  year={2013},
  publisher={LWW}
}

@article{ucckay2014diabetic,
  title={Diabetic foot infections: state-of-the-art},
  author={U{\c{c}}kay, Ilker and Gariani, Karim and Pataky, Zoltan and Lipsky, Benjamin Alan},
  journal={Diabetes, Obesity and Metabolism},
  volume={16},
  number={4},
  pages={305--316},
  year={2014},
  publisher={Wiley Online Library}
}
@article{nyober1950electrical, 
	author={Nyboer, Jan}, 
	journal={Circulation}, 
	title={Electrical Impedance Plethysmography: A physical and physiological approach to peripheral vascular study}, 
	year={1950},
	month=Dec, 
	volume={2},
	pages={811--821},
}
@article{shimazu1982evaluation, 
	author={Shimazu, Hideaki and Yamakoshi, Ken-Ichi and Togawa, Tatsuo and Fukuoka, Masakazu and Ito, Hiroshi}, 
	journal={IEEE Transantions on Biomedical Engineering}, 
	title={Evaluation of the Parallel Conductor Theory for Measuring Human Limb Blood Flow by Electrical Admittance Plethysmography}, 
	year={1982},
	month=Jan, 
	volume={29},
	number={1},
	pages={1--7},
}
@article{peura1978influence,
  title={Influence of erythrocyte velocity on impedance plethysmographic measurements},
  author={Peura, RA and Penney, BC and Arcuri, J and Anderson Jr, FA and Wheeler, HB},
  journal={Medical and Biological Engineering and Computing},
  volume={16},
  number={2},
  pages={147--154},
  year={1978},
  publisher={Springer}
}
@article{karnegis1966development,
  title={Development and evaluation of an impedance cardiac output system.},
  author={Karnegis, JN and Kubicek, WG and Mattson, RH and Patterson, RP and Witsoe, DA},
  year={1966},
  journal={Aerospace Medicine},
  volume={37},
  number={12},
  pages={1208-1212}
}
@article{sramek1986bomed,
  title={BoMed's electrical bioimpedance technology for thoracic applications (NCCOM): Status report, May 1986 Update},
  author={Sramek, BB},
  journal={Irvine, BoMed Ltd},
  volume={19},
  number={2},
  year={1986}
}
@article{mohapatra1979measurement,
  	title={The measurement of peripheral blood flow by the electrical impedance technique},
  	author={Mohapatra, SN and Arenson, Helena M},
  	journal={Journal of medical engineering \& technology},
  	volume={3},
  	number={3},
  	pages={132--137},
  	year={1979},
  	publisher={Taylor \& Francis}
}
@article{schraibman1975comparison,
  	title={Comparison of impedance and strain gauge plethysmography in the measurement of blood flow in the lower limb},
  	author={Schraibman, IG and Mott, D and Naylor, GP and Charlesworth, D},
  	journal={British Journal of Surgery},
  	volume={62},
  	number={11},
  	pages={909--912},
  	year={1975},
  	publisher={Wiley Online Library}
}
@misc{yamakoshi1980limb,
  	title={Limb blood flowmeter},
  	author={Yamakoshi, Kenichi},
  	year={1980},
  	month=may # "~27",
  	publisher={Google Patents},
  	note={US Patent 4,204,545}
}
@article{yamakoshi1978admittance,
  	title={Admittance plethysmography for accurate measurement of human limb blood flow},
  	author={Yamakoshi, KI and Shimazu, HIDEAKI and Togawa, TATSUO and Ito, H},
  	journal={American Journal of Physiology-Heart and Circulatory Physiology},
  	volume={235},
  	number={6},
  	pages={H821--H829},
  	year={1978},
  	publisher={Am Physiological Soc}
}
@misc{marks1985computer,
  	title={Computer assisted admittance plethysmograph},
  	author={Marks, Lloyd A},
  	year={1985},
  	month=oct # "~22",
  	publisher={Google Patents},
  	note={US Patent 4,548,211}
}
@article{porter1985measurement,
  title={Measurement of limb blood flow by electrical impedance plethysmography.},
  author={Porter, JM and Swain, ID and Shakespeare, PG},
  journal={Annals of The Royal College of Surgeons of England},
  volume={67},
  number={3},
  pages={169},
  year={1985},
  publisher={Royal College of Surgeons of England}
}
@article{blinov1997plethysmographic,
  	title={Plethysmographic impedance device for measuring blood pressure},
  	author={Blinov, AV and Selivanov, EP},
  	journal={Measurement techniques},
  	volume={40},
  	number={2},
  	pages={188--192},
  	year={1997},
  	publisher={Springer}
}
@article{risacher1993impedance,
  title={Impedance plethysmography for the evaluation of pulse-wave velocity in limbs},
  author={Risacher, F and Jossinet, J and McAdams, ET and McLaughlin, J and Mann, Y and Schmitt, M and Matias, A and Jarry, R},
  journal={Medical and Biological Engineering and Computing},
  volume={31},
  number={3},
  pages={318--322},
  year={1993},
  publisher={Springer}
}

@article{ashraf2010size,
  title={Size of radial and ulnar artery in local population},
  author={Ashraf, Tariq and Panhwar, Ziauddin and Habib, Sultana and Memon, Muhammad Anis and Shamsi, Fahad and Arif, Javed},
  journal={JPMA-Journal of the Pakistan Medical Association},
  volume={60},
  number={10},
  pages={817},
  year={2010}
}

@article{montgomery2011segmental,
  title={Segmental blood flow and hemodynamic state of lymphedematous and nonlymphedematous arms},
  author={Montgomery, Leslie D and Dietrich, Mary S and Armer, Jane M and Stewart, BR and Ridner, Sheila H},
  journal={Lymphatic research and biology},
  volume={9},
  number={1},
  pages={31--42},
  year={2011},
  publisher={Mary Ann Liebert, Inc. 140 Huguenot Street, 3rd Floor New Rochelle, NY 10801 USA}
}


@article{bland1986statistical,
	title={Statistical methods for assessing agreement between two methods of clinical measurement},
	author={Bland, J Martin and Altman, DouglasG},
	journal={The lancet},
	volume={327},
	number={8476},
	pages={307--310},
	year={1986},
	publisher={Elsevier}
}

@article{elgendi2012analysis,
	title={On the analysis of fingertip photoplethysmogram signals},
	author={Elgendi, Mohamed},
	journal={Current cardiology reviews},
	volume={8},
	number={1},
	pages={14--25},
	year={2012},
	publisher={Bentham science publishers}
}

@article{perkash1988difficulties,
	title={Difficulties in laser Doppler measurement of skin blood flow under applied external pressure},
	author={Perkash, Inder},
	journal={Journal of rehabilitation research and development},
	volume={25},
	number={3},
	year={1988},
	publisher={Citeseer}
}

@article{wilkinson2001venous,
	title = {Venous occlusion plethysmography in cardiovascular research: methodology and clinical applications},
	volume = {52},
	issn = {1365-2125},
	journal={British Journal of Clinical Pharmacology},
	doi = {10.1046/j.0306-5251.2001.01495.x},
	shorttitle = {Venous occlusion plethysmography in cardiovascular research},
	pages = {631--646},
	number = {6},
	journaltitle = {British Journal of Clinical Pharmacology},
	author = {Wilkinson, Ian B. and Webb, David J.},
	urldate = {2017-02-13},
	date = {2001-12-01},
	year = {2001},
	langid = {english}
}

@article{chuah2004plethysmography,
	title={Plethysmography without venous occlusion for measuring forearm blood flow: comparison with venous occlusive method},
	author={Chuah, Seong S and Woolfson, Peter I and Pullan, Brian R and Lewis, Philip S},
	journal={Clinical physiology and functional imaging},
	volume={24},
	number={5},
	pages={296--303},
	year={2004},
	publisher={Wiley Online Library}
}

@article{orekhova2013doppler,
	title={Doppler flowmetry as a tool of predictive, preventive and personalised dentistry},
	author={Orekhova, Liudmila Yu and Barmasheva, Anna A},
	journal={EPMA Journal},
	volume={4},
	number={1},
	pages={21},
	year={2013},
	publisher={BioMed Central}
}

@article{higgins1986photoplethysmographic,
	title={Photoplethysmographic evaluation of the relationship between skin reflectance and skin blood volume},
	author={Higgins, Joseph L and Fronek, Arnost},
	journal={Journal of biomedical engineering},
	volume={8},
	number={2},
	pages={130--136},
	year={1986},
	publisher={Elsevier}
}

@article{kim1986pulse,
	title={Pulse oximetry and circulatory kinetics associated with pulse volume amplitude measured by photoelectric plethysmography.},
	author={Kim, Jong-Min and Arakawa, Kasumi and Benson, Kirk T and Fox, Deanna K},
	journal={Anesthesia \& Analgesia},
	volume={65},
	number={12},
	pages={1333--1339},
	year={1986},
	publisher={LWW}
}

@article{wu2003ppgi,
	title={PPGI: new development in noninvasive and contactless diagnosis of dermal perfusion using near infrared light},
	author={Wu, T},
	journal={J. GCPD eV},
	volume={7},
	number={1},
	pages={17--24},
	year={2003}
}

@article{fallow2013influence,
	title={Influence of skin type and wavelength on light wave reflectance},
	author={Fallow, Bennett A and Tarumi, Takashi and Tanaka, Hirofumi},
	journal={Journal of clinical monitoring and computing},
	volume={27},
	number={3},
	pages={313--317},
	year={2013},
	publisher={Springer}
}

@article{ivorra2003bioimpedance,
	title={Bioimpedance monitoring for physicians: an overview},
	author={Ivorra, Antoni},
	journal={Centre Nacional de Microelectr{\`o}nica Biomedical Applications Group},
	pages={1--35},
	year={2003}
}

@article{schwan1962electrical,
	title={Electrical properties of the membranes of the pleuropneumonia-like organism A 5969},
	author={Schwan, Herman P and Morowitz, Harold J},
	journal={Biophysical journal},
	volume={2},
	number={5},
	pages={395--407},
	year={1962},
	publisher={Elsevier}
}

@article{schwan1957electrical,
	title={Electrical properties of tissue and cell suspensions.},
	author={Schwan, Herman P},
	journal={Advances in biological and medical physics},
	volume={5},
	pages={147},
	year={1957}
}

@article{dean2008electrical,
	title={Electrical impedance spectroscopy study of biological tissues},
	author={Dean, DA and Ramanathan, T and Machado, D and Sundararajan, R},
	journal={Journal of electrostatics},
	volume={66},
	number={3},
	pages={165--177},
	year={2008},
	publisher={Elsevier}
}

@article{foster1995dielectric,
	title={Dielectric properties of tissues},
	author={Foster, Kenneth R and Schwan, Herman P},
	journal={Handbook of biological effects of electromagnetic fields},
	volume={2},
	pages={25--102},
	year={1995},
	publisher={Boca Raton, FL: CRC Press}
}

@article{casas1999vivo,
	title={In vivo and in situ ischemic tissue characterization using electrical impedance spectroscopya},
	author={Casas, O and Bragos, R and Riu, PJ and Rosell, J and Tresanchez, M and Warren, M and RODRIGUEZ-SINOVAS, A and Carreno, A and Cinca, J},
	journal={Annals of the New York Academy of Sciences},
	volume={873},
	number={1},
	pages={51--58},
	year={1999},
	publisher={Wiley Online Library}
}

@article{steendijk1993four,
	title={The four-electrode resistivity technique in anisotropic media: theoretical analysis and application on myocardial tissue in vivo},
	author={Steendijk, Paul and Mur, Gerrit and Van Der Velde, Enno T and Baan, Jan},
	journal={IEEE Transactions on Biomedical Engineering},
	volume={40},
	number={11},
	pages={1138--1148},
	year={1993},
	publisher={IEEE}
}

@article{sigman1937effect,
	title={Effect of motion on the electrical conductivity of the blood},
	author={Sigman, E and Kolin, A and Katz, LN and Jochim, K},
	journal={American Journal of Physiology--Legacy Content},
	volume={118},
	number={4},
	pages={708--719},
	year={1937},
	publisher={Am Physiological Soc}
}

@article{mcadams1995linear,
	title={The linear and non-linear electrical properties of the electrode-electrolyte interface},
	author={McAdams, ET and Lackermeier, A and McLaughlin, JA and Macken, D and Jossinet, J},
	journal={Biosensors and Bioelectronics},
	volume={10},
	number={1-2},
	pages={67--74},
	year={1995},
	publisher={Elsevier}
}

@article{franks2005impedance,
	title={Impedance characterization and modeling of electrodes for biomedical applications},
	author={Franks, Wendy and Schenker, Iwan and Schmutz, Patrik and Hierlemann, Andreas},
	journal={IEEE Transactions on Biomedical Engineering},
	volume={52},
	number={7},
	pages={1295--1302},
	year={2005},
	publisher={IEEE}
}

@article{geselowitz1971application,
	title={An application of electrocardiographic lead theory to impedance plethysmography},
	author={Geselowitz, David B},
	journal={IEEE Transactions on biomedical Engineering},
	number={1},
	pages={38--41},
	year={1971},
	publisher={IEEE}
}

@article{dehghani1999incorporating,
	title={Incorporating a priori anatomical information into image reconstruction in electrical impedance tomography},
	author={Dehghani, H and Barber, DC and Basarab-Horwath, I},
	journal={Physiological measurement},
	volume={20},
	number={1},
	pages={87},
	year={1999},
	publisher={IOP Publishing}
}

@article{cole1941dispersion,
	title={Dispersion and absorption in dielectrics I. Alternating current characteristics},
	author={Cole, Kenneth S and Cole, Robert H},
	journal={The Journal of chemical physics},
	volume={9},
	number={4},
	pages={341--351},
	year={1941},
	publisher={AIP}
}


@article{macdonald2005impedance,
	title={Impedance spectroscopy: theory, experiment, and applications},
	author={Macdonald, J Ross and Barsoukov, E},
	journal={History},
	volume={1},
	number={8},
	year={2005}
}

@article{macdonald1992impedance,
	title={Impedance spectroscopy},
	author={Macdonald, J Ross},
	journal={Annals of biomedical engineering},
	volume={20},
	number={3},
	pages={289--305},
	year={1992},
	publisher={Springer}
}

@article{fukuta2008cardiac,
	title={The cardiac cycle and the physiologic basis of left ventricular contraction, ejection, relaxation, and filling},
	author={Fukuta, Hidekatsu and Little, William C},
	journal={Heart failure clinics},
	volume={4},
	number={1},
	pages={1--11},
	year={2008},
	publisher={Elsevier}
}

@article{neath2005utility,
	title={Utility of impedance cardiography to improve physician estimation of hemodynamic parameters in the emergency department},
	author={Neath, Sean-Xavier and Lazio, Lucia and Guss, David A},
	journal={Congestive Heart Failure},
	volume={11},
	number={1},
	pages={17--20},
	year={2005},
	publisher={Wiley Online Library}
}

@article{distefano1973bioelectrical,
	title={Bioelectrical impedance plethysmography as an investigative tool in orthopaedic surgery. A comparative study of limb exsanguination techniques.},
	author={DiStefano, V and Nixon, JE and Stone, RH},
	journal={Clinical orthopaedics and related research},
	number={99},
	pages={203--206},
	year={1973}
}

@article{hull1978impedance,
	title={Impedance plethysmography: the relationship between venous filling and sensitivity and specificity for proximal vein thrombosis.},
	author={Hull, R and Taylor, D WAYNE and Hirsh, JACK and Sackett, DAVID L and Powers, P and Turpie, AG and Walker, I},
	journal={Circulation},
	volume={58},
	number={5},
	pages={898--902},
	year={1978},
	publisher={Am Heart Assoc}
}

@article{kyle2004bioelectrical,
	title={Bioelectrical impedance analysis—part I: review of principles and methods},
	author={Kyle, Ursula G and Bosaeus, Ingvar and De Lorenzo, Antonio D and Deurenberg, Paul and Elia, Marinos and G{\'o}mez, Jos{\'e} Manuel and Heitmann, Berit Lilienthal and Kent-Smith, Luisa and Melchior, Jean-Claude and Pirlich, Matthias and others},
	journal={Clinical nutrition},
	volume={23},
	number={5},
	pages={1226--1243},
	year={2004},
	publisher={Elsevier}
}

@article{gudivaka1999single,
	title={Single-and multifrequency models for bioelectrical impedance analysis of body water compartments},
	author={Gudivaka, R and Schoeller, DA and Kushner, RF and Bolt, MJG},
	journal={Journal of Applied Physiology},
	volume={87},
	number={3},
	pages={1087--1096},
	year={1999},
	publisher={Am Physiological Soc}
}

@article{schoeller2000bioelectrical,
	title={Bioelectrical impedance analysis What does it measure?},
	author={Schoeller, Dale A},
	journal={Annals of the New York Academy of sciences},
	volume={904},
	number={1},
	pages={159--162},
	year={2000},
	publisher={Wiley Online Library}
}

@article{wang2011electrical,
	title={Electrical impedance myography for monitoring motor neuron loss in the SOD1 G93A amyotrophic lateral sclerosis rat},
	author={Wang, Lucy Lu and Spieker, Andrew J and Li, Jia and Rutkove, Seward B},
	journal={Clinical Neurophysiology},
	volume={122},
	number={12},
	pages={2505--2511},
	year={2011},
	publisher={Elsevier}
}

@article{hannan1995comparison,
	title={Comparison of bio-impedance spectroscopy and multi-frequency bio-impedance analysis for the assessment of extracellular and total body water in surgical patients},
	author={Hannan, WJ and Cowen, SJ and Plester, CE and Fearon, KCH and DeBeau, A},
	journal={Clinical Science},
	volume={89},
	number={6},
	pages={651--658},
	year={1995},
	publisher={Portland Press Limited}
}

@article{patel1996estimation,
	title={Estimation of total body and extracellular water in post-coronary artery bypass graft surgical patients using single and multiple frequency bioimpedance},
	author={Patel, Rakesh V and Peterson, Edward L and Silverman, Norman and Zarowitz, Barbara J},
	journal={Critical care medicine},
	volume={24},
	number={11},
	pages={1824--1828},
	year={1996},
	publisher={LWW}
}

@article{hanai1968electrical,
	title={Electrical properties of emulsions},
	author={Hanai, Tetsuya},
	journal={Emulsion science},
	pages={354--477},
	year={1968},
	publisher={Academic Press London}
}

@article{patel1994estimation,
	title={Estimation of total body and extracellular water using single-and multiple-frequency bioimpedance},
	author={Patel, Rakesh V and Matthie, James R and Withers, Paul O and Peterson, Edward L and Zarowitz, Barbara J},
	journal={Sage Journa},
	volue={28},
	issue={5},
	pages={565–-569},
	year={1994},
	publisher={SAGE Publications}
}

@article{de1997predicting,
	title={Predicting body cell mass with bioimpedance by using theoretical methods: a technological review},
	author={De Lorenzo, Andreoli and Andreoli, A and Matthie, J and Withers, P},
	journal={Journal of Applied Physiology},
	volume={82},
	number={5},
	pages={1542--1558},
	year={1997},
	publisher={Am Physiological Soc}
}

@article{kun2003algorithm,
	title={Algorithm for tissue ischemia estimation based on electrical impedance spectroscopy},
	author={Kun, Stevan and Ristic, Borislav and Peura, Robert A and Dunn, Raymond M},
	journal={IEEE transactions on biomedical engineering},
	volume={50},
	number={12},
	pages={1352--1359},
	year={2003},
	publisher={IEEE}
}

@article{woodrow1996segmental,
	title={Segmental bioelectrical impedance in patients with chronic renal failure},
	author={Woodrow, G and Oldroyd, B and Turney, JH and Smith, MA},
	journal={Clinical Nutrition},
	volume={15},
	number={5},
	pages={275--279},
	year={1996},
	publisher={Elsevier}
}

@article{delorenzo2003segmental,
	title={Segmental bioelectrical impedance analysis},
	author={De Lorenzo, Antonino and Andreoli, Angela},
	journal={Current Opinion in Clinical Nutrition \& Metabolic Care},
	volume={6},
	number={5},
	pages={551--555},
	year={2003},
	publisher={LWW}
}

@article{laforgia2008body,
	title={Body composition: validity of segmental bioelectrical impedance analysis},
	author={LaForgia, Joe and Gunn, Simon M and Withers, Robert T},
	journal={Asia Pacific journal of clinical nutrition},
	volume={17},
	number={4},
	pages={586--591},
	year={2008},
	publisher={HEC Press}
}

@article{leahy2012comparison,
	title={A comparison of dual energy X-ray absorptiometry and bioelectrical impedance analysis to measure total and segmental body composition in healthy young adults},
	author={Leahy, Siobhan and O’Neill, Cian and Sohun, Rhoda and Jakeman, Philip},
	journal={European journal of applied physiology},
	volume={112},
	number={2},
	pages={589--595},
	year={2012},
	publisher={Springer}
}

@article{thomas2003comparison,
	title={A comparison of the whole-body and segmental methodologies of bioimpedance analysis},
	author={Thomas, BJ and Cornish, BH and Pattemore, MJ and Jacobs, M and Ward, LC},
	journal={Acta diabetologica},
	volume={40},
	number={1},
	pages={s236--s237},
	year={2003},
	publisher={Springer}
}

@article{disomma2011consensus,
	title={Consensus paper on the use of BIVA (Bioelectrical Impedance Vector Analysis) in medicine for the management of body hydration},
	author={Di Somma, S and Lukaski, HC and Codognotto, M and Peacock, WF and Fiorini, F and Aspromonte, N and Ronco, C and Santarelli, S and Lalle, I and Autunno, A and others},
	journal={Emerg Care J},
	volume={7},
	number={4},
	pages={6--14},
	year={2011}
}

@article{jaffrin1979quantitative,
	title={Quantitative interpretation of arterial impedance plethysmographic signals},
	author={Jaffrin, MY and Vanhoutte, C},
	journal={Medical and Biological Engineering and Computing},
	volume={17},
	number={1},
	pages={2--10},
	year={1979},
	publisher={Springer}
}

@article{yamakoshi1980noninvasive,
	title={Noninvasive measurement of hematocrit by electrical admittance plethysmography technique},
	author={Yamakoshi, Ken-Ichi and Shimazu, Hideaki and Togawa, Tatsuo and Fukuoka, Masakazu and Ito, Hiroshi},
	journal={IEEE Transactions on Biomedical Engineering},
	number={3},
	pages={156--161},
	year={1980},
	publisher={IEEE}
}

@article{gabriel1996dielectric,
	title={The dielectric properties of biological tissues: I. Literature survey},
	author={Gabriel, Camelia and Gabriel, Sami and Corthout, E},
	journal={Physics in medicine and biology},
	volume={41},
	number={11},
	pages={2231},
	year={1996},
	publisher={IOP Publishing}
}

@article{zou2003review,
	title={A review of electrical impedance techniques for breast cancer detection},
	author={Zou, Y and Guo, Z},
	journal={Medical engineering \& physics},
	volume={25},
	number={2},
	pages={79--90},
	year={2003},
	publisher={Elsevier}
}

@article{vicini2012bioelectrical,
	title={Bioelectrical impedance for detecting and monitoring patients for the development of upper limb lymphedema in the clinic},
	author={Vicini, Frank and Shah, Chirag and Lyden, Maureen and Whitworth, Pat},
	journal={Clinical breast cancer},
	volume={12},
	number={2},
	pages={133--137},
	year={2012},
	publisher={Elsevier}
}

@article{scharfetter2001assessing,
	title={Assessing abdominal fatness with local bioimpedance analysis: basics and experimental findings},
	author={Scharfetter, Hermann and Schlager, Tobias and Stollberger, Rudolf and Felsberger, Robert and Hutten, Helmut and Hinghofer-Szalkay, Helmut},
	journal={International Journal of obesity},
	volume={25},
	number={4},
	pages={502},
	year={2001},
	publisher={Nature Publishing Group}
}

@article{piccoli2000relationship,
	title={Relationship between central venous pressure and bioimpedance vector analysis in critically ill patients},
	author={Piccoli, Antonio and Pittoni, Giovanni and Facco, Enrico and Favaro, Enrico and Pillon, Luana},
	journal={Critical care medicine},
	volume={28},
	number={1},
	pages={132--137},
	year={2000},
	publisher={LWW}
}

@article{piccoli2002impedance,
	title={Impedance vector distribution by sex, race, body mass index, and age in the United States: standard reference intervals as bivariate Z scores},
	author={Piccoli, Antonio and Pillon, Luana and Dumler, Francis},
	journal={Nutrition},
	volume={18},
	number={2},
	pages={153--167},
	year={2002},
	publisher={Elsevier}
}

@article{anderson1984impedance,
	title={Impedance plethysmography in the diagnosis of arterial and venous disease},
	author={Anderson, Frederick A},
	journal={Annals of biomedical engineering},
	volume={12},
	number={1},
	pages={79--102},
	year={1984},
	publisher={Springer}
}

@article{kvandal2006low,
	title={Low-frequency oscillations of the laser Doppler perfusion signal in human skin},
	author={Kvandal, Per and Landsverk, Svein Aslak and Bernjak, Alan and Stefanovska, Aneta and Kvernmo, Hebe D{\'e}sir{\'e}e and Kirkeb{\o}en, Knut Arvid},
	journal={Microvascular research},
	volume={72},
	number={3},
	pages={120--127},
	year={2006},
	publisher={Elsevier}
}

@article{costeloe1980continuous,
	title={Continuous limb blood flow estimation in the newborn using electrical impedance plethysmography},
	author={Costeloe, Kate and Rolfe, P},
	journal={Pediatric research},
	volume={14},
	number={9},
	pages={1053--1060},
	year={1980},
	publisher={Nature Publishing Group}
}

@article{brown1975impedance,
	title={Impedance plethysmography: can it measure changes in limb blood flow},
	author={Brown, BH and Pryce, W IJ and Baumber, D and Clarke, RG},
	journal={Medical and Biological Engineering and Computing},
	volume={13},
	number={5},
	pages={674--682},
	year={1975},
	publisher={Springer}
}

@article{liu2017cuffless,
	title={A Cuffless Blood Pressure Measurement Based on the Impedance Plethysmography Technique},
	author={Liu, Shing-Hong and Cheng, Da-Chuan and Su, Chun-Hung},
	journal={Sensors},
	volume={17},
	number={5},
	pages={1176},
	year={2017},
	publisher={Multidisciplinary Digital Publishing Institute}
}


@article{almond1988noninvasive,
	title={Noninvasive measurement of the human peripheral circulation: relationship between laser Doppler flowmeter and photoplethysmograph signals from the finger},
	author={Almond, Nicholas E and Jones, Deric P and Cooke, Ernest D},
	journal={Angiology},
	volume={39},
	number={9},
	pages={819--829},
	year={1988},
	publisher={Sage Publications}
}

@article{brown2000bipolar,
	title={Bipolar and tetrapolar transfer impedance measurements from volume conductor},
	author={Brown, BH and Wilson, AJ and Bertemes-Filho, P},
	journal={Electronics Letters},
	volume={36},
	number={25},
	pages={2060--2062},
	year={2000},
	publisher={IET}
}

@article{aroom2009bioimpedance,
	title={Bioimpedance analysis: a guide to simple design and implementation},
	author={Aroom, Kevin R and Harting, Matthew T and Cox, Charles S and Radharkrishnan, Ravi S and Smith, Carter and Gill, Brijesh S},
	journal={Journal of Surgical Research},
	volume={153},
	number={1},
	pages={23--30},
	year={2009},
	publisher={Elsevier}
}


@article{ross2003current,
	title={Current source design for electrical impedance tomography},
	author={Ross, Alexander S and Saulnier, GJ and Newell, JC and Isaacson, D},
	journal={Physiological measurement},
	volume={24},
	number={2},
	pages={509},
	year={2003},
	publisher={IOP Publishing}
}

@article{sheingold1964impedance,
	title={Impedance \& admittance transformations using operational amplifiers},
	author={Sheingold, DH},
	journal={Lightning Empiricist},
	volume={12},
	number={1},
	pages={1--8},
	year={1964}
}

@article{uchida1977cyclical,
	title={CYCLICAL REDUCTION IN BLOOD FLOW OF PARTIALLY CONSTRICTED CORONARY ARTERY IN DOGS II. AN ARTERIOGRAPHIC STUDY},
	author={Uchida, Yasumi and YOSHIMOTO, NOBUO and MURAO, SATORU and INOUE, KIYOSHI},
	journal={Japanese circulation journal},
	volume={41},
	number={11},
	pages={1221--1230},
	year={1977},
	publisher={The Japanese Circulation Society}
}

@article{graham1993occlusion,
	title={Occlusion of arterial flow in the extremities at subsystolic pressures through the use of wide tourniquet cuffs.},
	author={Graham, Brent and Breault, Martine J and Mcewen, James A and Mcgraw, Robert W},
	journal={Clinical Orthopaedics and Related Research},
	volume={286},
	pages={257--261},
	year={1993},
	publisher={Citeseer}
}

@article{lowe2009non,
	title={Non-invasive model-based estimation of aortic pulse pressure using suprasystolic brachial pressure waveforms},
	author={Lowe, A and Harrison, W and El-Aklouk, E and Ruygrok, P and Al-Jumaily, AM},
	journal={Journal of biomechanics},
	volume={42},
	number={13},
	pages={2111--2115},
	year={2009},
	publisher={Elsevier}
}

@article{kharbanda2002transient,
	title={Transient limb ischemia induces remote ischemic preconditioning in vivo},
	author={Kharbanda, RK and Mortensen, UM and White, PA and Kristiansen, SB and Schmidt, MR and Hoschtitzky, JA and Vogel, M and Sorensen, K and Redington, AN and MacAllister, R},
	journal={Circulation},
	volume={106},
	number={23},
	pages={2881--2883},
	year={2002},
	publisher={Am Heart Assoc}
}

@article{nyquist1928certain,
	title={Certain topics in telegraph transmission theory},
	author={Nyquist, Harry},
	journal={Transactions of the American Institute of Electrical Engineers},
	volume={47},
	number={2},
	pages={617--644},
	year={1928},
	publisher={IEEE}
}

@article{golden1986assessment,
	title={Assessment of peripheral hemodynamics using impedance plethysmography},
	author={Golden, Jane C and Miles, Daniel S},
	journal={Physical therapy},
	volume={66},
	number={10},
	pages={1544--1547},
	year={1986},
	publisher={Oxford University Press}
}


@article{nyboer1974blood,
	title={Blood-flow indices in amputee and control limbs by mutual electrical impedance plethysmography},
	author={Nyboer, Jan and Murray, Patrick and Sedensky, James A},
	journal={American heart journal},
	volume={87},
	number={6},
	pages={704--710},
	year={1974},
	publisher={Elsevier}
}

@article{dai2009vivo,
	title={In vivo blood characterization from bioimpedance spectroscopy of blood pooling},
	author={Dai, Tao and Adler, Andy},
	journal={IEEE Transactions on Instrumentation and Measurement},
	volume={58},
	number={11},
	pages={3831--3838},
	year={2009},
	publisher={IEEE}
}

@article{kun2000effects,
	title={Effects of sample geometry and electrode configuration on measured electrical resistivity of skeletal muscle},
	author={Kun, Stevan and Peura, Robert},
	journal={IEEE transactions on biomedical engineering},
	volume={47},
	number={2},
	pages={163--169},
	year={2000},
	publisher={IEEE}
}

@article{yamamoto1992impedance,
	title={Impedance plethysmography for blood flow measurements in human limbs},
	author={Yamamoto, Y and Yamamoto, T and {\"O}berg, P{\AA}},
	journal={Medical and Biological Engineering and Computing},
	volume={30},
	number={5},
	pages={518--524},
	year={1992},
	publisher={Springer}
}

@inproceedings{pandey2006cancellation,
	title={Cancellation of respiratory artifact in impedance cardiography},
	author={Pandey, Vinod K and Pandey, Prem C},
	booktitle={Engineering in Medicine and Biology Society, 2005. IEEE-EMBS 2005. 27th Annual International Conference of the},
	pages={5503--5506},
	year={2006},
	organization={IEEE}
}

@article{swanson1983errors,
	title={Errors in four-electrode impedance plethysmography},
	author={Swanson, DK and Webster, JG},
	journal={Medical and Biological Engineering and Computing},
	volume={21},
	number={6},
	pages={674--680},
	year={1983},
	publisher={Springer}
}

@article{rosell1995reduction,
	title={Reduction of motion artifacts using a two-frequency impedance plethysmograph and adaptive filtering},
	author={Rosell, Javier and Cohen, Kevin P and Webster, John G},
	journal={IEEE transactions on biomedical engineering},
	volume={42},
	number={10},
	pages={1044--1048},
	year={1995},
	publisher={IEEE}
}

@article{kragh1981molecular,
	title={Molecular aspects of ligand binding to serum albumin.},
	author={Kragh-Hansen, Ulrich},
	journal={Pharmacological reviews},
	volume={33},
	number={1},
	pages={17--53},
	year={1981},
	publisher={ASPET}
}

@article{kannel1979diabetes,
	title={Diabetes and glucose tolerance as risk factors for cardiovascular disease: the Framingham study},
	author={Kannel, William B and McGee, DL},
	journal={Diabetes care},
	volume={2},
	number={2},
	pages={120--126},
	year={1979},
	publisher={Am Diabetes Assoc}
}

@article{janka1980peripheral,
	title={Peripheral vascular disease in diabetes mellitus and its relation to cardiovascular risk factors: screening with the Doppler ultrasonic technique},
	author={Janka, Hans U and Standl, Eberhard and Mehnert, Hellmut},
	journal={Diabetes care},
	volume={3},
	number={2},
	pages={207--213},
	year={1980},
	publisher={Am Diabetes Assoc}
}

@article{menzoian1989symptomatology,
	title={Symptomatology and anatomic patterns of peripheral vascular disease: differing impact of smoking and diabetes},
	author={Menzoian, James O and LaMorte, Wayne W and Paniszyn, Charles C and McBride, Kevin J and Sidawy, Anton N and LoGerfo, Frank W and Connors, Mary E and Doyle, Jeanne E},
	journal={Annals of vascular surgery},
	volume={3},
	number={3},
	pages={224--228},
	year={1989},
	publisher={Elsevier}
}

@article{eliasson2003cigarette,
	title={Cigarette smoking and diabetes},
	author={Eliasson, Bj{\"o}rn},
	journal={Progress in cardiovascular diseases},
	volume={45},
	number={5},
	pages={405--413},
	year={2003},
	publisher={Elsevier}
}

@article{stephens2004cardiovascular,
	title={Cardiovascular risk and diabetes. Are the methods of risk prediction satisfactory?},
	author={Stephens, Jeffrey W and Ambler, Gareth and Vallance, Patrick and Betteridge, D John and Humphries, Steve E and Hurel, Steven J},
	journal={European Journal of Cardiovascular Prevention \& Rehabilitation},
	volume={11},
	number={6},
	pages={521--528},
	year={2004},
	publisher={SAGE Publications Sage UK: London, England}
}

@article{morgan2001developing,
	title={Developing the Vascular Quality of Life Questionnaire: a new disease-specific quality of life measure for use in lower limb ischemia},
	author={Morgan, Mark BF and Crayford, Tim and Murrin, Ben and Fraser, Simon CA},
	journal={Journal of vascular surgery},
	volume={33},
	number={4},
	pages={679--687},
	year={2001},
	publisher={Elsevier}
}

@article{winsor1950influence,
	title={Influence of arterial disease on the systolic blood pressure gradients of the extremity},
	author={Winsor, Travis},
	journal={Am J Med Sci},
	volume={220},
	pages={117--126},
	year={1950}
}

@article{bashkatov2005optical,
	title={Optical properties of human skin, subcutaneous and mucous tissues in the wavelength range from 400 to 2000 nm},
	author={Bashkatov, AN and Genina, EA and Kochubey, VI and Tuchin, VV},
	journal={Journal of Physics D: Applied Physics},
	volume={38},
	number={15},
	pages={2543},
	year={2005},
	publisher={IOP Publishing}
}

@article{jayanthy2011measuring,
	title={Measuring blood flow: techniques and applications-a review},
	author={Jayanthy, AK and Sujatha, N and Reddy, M Ramasubba},
	year={2011},
	journal={International Journal of Recent Research and Applied Studies},
	volume={6},
	number={2},
	publisher={Citeseer}
}

@article{dokunin1958modification,
	title={A modification of the method of differential manometry for registration of the volume velocity of the blood flow},
	author={Dokunin, AV},
	journal={Bulletin of Experimental Biology and Medicine},
	volume={46},
	number={5},
	pages={1414--1417},
	year={1958},
	publisher={Springer}
}

@article{casey2008measuring,
	title={Measuring muscle blood flow a key link between systemic and regional metabolism},
	author={Casey, Darren P and Curry, Timothy B and Joyner, Michael J},
	journal={Current opinion in clinical nutrition and metabolic care},
	volume={11},
	number={5},
	pages={580},
	year={2008},
	publisher={NIH Public Access}
}


@article{satomura1959study,
	title={Study of the flow patterns in peripheral arteries by ultrasonics.},
	author={Satomura, Shigeo},
	journal={J. Acoust. Soc, Japan},
	volume={15},
	pages={151--155},
	year={1959}
}

@article{gill1979pulsed,
	title={Pulsed Doppler with B-mode imaging for quantitative blood flow measurement},
	author={Gill, Robert W},
	journal={Ultrasound in medicine \& biology},
	volume={5},
	number={3},
	pages={223227--225235},
	year={1979},
	publisher={Elsevier}
}

@article{raadegran1999limb,
	title={Limb and skeletal muscle blood flow measurements at rest and during exercise in human subjects},
	author={R{\aa}degran, G{\"o}ran},
	journal={Proceedings of the Nutrition Society},
	volume={58},
	number={4},
	pages={887--898},
	year={1999},
	publisher={Cambridge University Press}
}

@article{baron1999mapping,
	title={Mapping the ischaemic penumbra with PET: implications for acute stroke treatment},
	author={Baron, Jean-Claude},
	journal={Cerebrovascular diseases},
	volume={9},
	number={4},
	pages={193--201},
	year={1999},
	publisher={Karger Publishers}
}

@article{schmitt2003quantitative,
	title={Quantitative tissue perfusion measurements in head and neck carcinoma patients before and during radiation therapy with a non-invasive MR imaging spin-labeling technique},
	author={Schmitt, Peter and Kotas, Markus and Tobermann, Anja and Haase, Axel and Flentje, Michael},
	journal={Radiotherapy and oncology},
	volume={67},
	number={1},
	pages={27--34},
	year={2003},
	publisher={Elsevier}
}

@article{van2001performance,
	title={Performance of near-infrared spectroscopy in measuring local O 2 consumption and blood flow in skeletal muscle},
	author={Van Beekvelt, Mireille CP and Colier, Willy NJM and Wevers, Ron A and Van Engelen, Baziel GM},
	journal={Journal of Applied Physiology},
	volume={90},
	number={2},
	pages={511--519},
	year={2001},
	publisher={Am Physiological Soc}
}

@article{harel2008near,
	title={Near-infrared spectroscopy to monitor peripheral blood flow perfusion},
	author={Harel, Fran{\c{c}}ois and Denault, Andr{\'e} and Ngo, Quam and Dupuis, Jocelyn and Khairy, Paul},
	journal={Journal of clinical monitoring and computing},
	volume={22},
	number={1},
	pages={37--43},
	year={2008},
	publisher={Springer}
}

@article{de1993noninvasive,
	title={Noninvasive measurement of human forearm oxygen consumption by near infrared spectroscopy},
	author={De Blasi, Roberto A and Cope, Mark and Elwell, Clare and Safoue, Fauzia and Ferrari, Marco},
	journal={European Journal of Applied Physiology and Occupational Physiology},
	volume={67},
	number={1},
	pages={20--25},
	year={1993},
	publisher={Springer}
}

@article{gurley2012noninvasive,
	title={Noninvasive optical quantification of absolute blood flow, blood oxygenation, and oxygen consumption rate in exercising skeletal muscle},
	author={Gurley, Katelyn and Shang, Yu and Yu, Guoqiang},
	journal={Journal of biomedical optics},
	volume={17},
	number={7},
	pages={0750101--07501010},
	year={2012},
	publisher={International Society for Optics and Photonics}
}

@article{williams2005evaluation,
	title={An evaluation of the efficacy of methods used in screening for lower-limb arterial disease in diabetes},
	author={Williams, Dean T and Harding, Keith G and Price, Patricia},
	journal={Diabetes care},
	volume={28},
	number={9},
	pages={2206--2210},
	year={2005},
	publisher={Am Diabetes Assoc}
}

@article{allen1993development,
	title={Development of a neural network screening aid for diagnosing lower limb peripheral vascular disease from photoelectric plethysmography pulse waveforms},
	author={Allen, John and Murray, Alan},
	journal={Physiological Measurement},
	volume={14},
	number={1},
	pages={13},
	year={1993},
	publisher={IOP Publishing}
}

@article{alnaeb2007optical,
	title={Optical techniques in the assessment of peripheral arterial disease},
	author={Alnaeb, Mohamad E and Alobaid, Nasser and Seifalian, Alexander M and Mikhailidis, Dimitri P and Hamilton, George},
	journal={Current vascular pharmacology},
	volume={5},
	number={1},
	pages={53--59},
	year={2007},
	publisher={Bentham Science Publishers}
}

@article{eberhardt2005chronic,
	title={Chronic venous insufficiency},
	author={Eberhardt, Robert T and Raffetto, Joseph D},
	journal={Circulation},
	volume={111},
	number={18},
	pages={2398--2409},
	year={2005},
	publisher={Am Heart Assoc}
}

@article{norris1983quantitative,
	title={Quantitative photoplethysmography in chronic venous insufficiency: a new method of noninvasive estimation of ambulatory venous pressure},
	author={Norris, C Scott and Beyrau, Anne and Barnes, Robert W},
	journal={Surgery},
	volume={94},
	number={5},
	pages={758--764},
	year={1983},
	publisher={Elsevier}
}

@article{dirnagl1989continuous,
	title={Continuous measurement of cerebral cortical blood flow by laser—Doppler flowmetry in a rat stroke model},
	author={Dirnagl, Ulrich and Kaplan, Bruce and Jacewicz, Michael and Pulsinelli, William},
	journal={Journal of Cerebral Blood Flow \& Metabolism},
	volume={9},
	number={5},
	pages={589--596},
	year={1989},
	publisher={SAGE Publications Sage UK: London, England}
}

@article{cooke1990laser,
	title={Laser Doppler flowmetry},
	author={Cooke, ED and Almond, NE},
	journal={Journal of medical engineering \& technology},
	volume={14},
	number={5},
	pages={177--177},
	year={1990},
	publisher={Taylor \& Francis}
}

@article{briers2013laser,
	title={Laser speckle contrast imaging: theoretical and practical limitations},
	author={Briers, David and Duncan, Donald D and Hirst, Evan and Kirkpatrick, Sean J and Larsson, Marcus and Steenbergen, Wiendelt and Stromberg, Tomas and Thompson, Oliver B},
	journal={Journal of biomedical optics},
	volume={18},
	number={6},
	pages={066018--066018},
	year={2013},
	publisher={International Society for Optics and Photonics}
}

@article{dunn2001dynamic,
	title={Dynamic imaging of cerebral blood flow using laser speckle},
	author={Dunn, Andrew K and Bolay, Hayrunnisa and Moskowitz, Michael A and Boas, David A},
	journal={Journal of Cerebral Blood Flow \& Metabolism},
	volume={21},
	number={3},
	pages={195--201},
	year={2001},
	publisher={SAGE Publications Sage UK: London, England}
}

@article{domoki2012evaluation,
	title={Evaluation of laser-speckle contrast image analysis techniques in the cortical microcirculation of piglets},
	author={Domoki, Ferenc and Z{\"o}lei, D{\'a}niel and Ol{\'a}h, Orsolya and T{\'o}th-Sz{\H{u}}ki, Val{\'e}ria and Hopp, B{\'e}la and Bari, Ferenc and Smausz, Tomi},
	journal={Microvascular research},
	volume={83},
	number={3},
	pages={311--317},
	year={2012},
	publisher={Elsevier}
}

@article{stoianovici2011assessment,
	title={Assessment of pulpal vitality using laser speckle imaging},
	author={Stoianovici, Charles and Wilder-Smith, Petra and Choi, Bernard},
	journal={Lasers in surgery and medicine},
	volume={43},
	number={8},
	pages={833--837},
	year={2011},
	publisher={Wiley Online Library}
}

@article{stewart2005comparison,
	title={A comparison of two laser-based methods for determination of burn scar perfusion: laser Doppler versus laser speckle imaging},
	author={Stewart, CJ and Frank, R and Forrester, KR and Tulip, J and Lindsay, R and Bray, RC},
	journal={Burns},
	volume={31},
	number={6},
	pages={744--752},
	year={2005},
	publisher={Elsevier}
}

@article{son2013contrast,
	title={Contrast enhancement of laser speckle contrast image in deep vasculature by reduction of tissue scattering},
	author={Son, Taeyoon and Lee, Jonghwan and Jung, Byungjo},
	journal={Journal of the Optical Society of Korea},
	volume={17},
	number={1},
	pages={86--90},
	year={2013},
	publisher={Optical Society of Korea}
}

@article{duncan2008can,
	title={Can laser speckle flowmetry be made a quantitative tool?},
	author={Duncan, Donald D and Kirkpatrick, Sean J},
	journal={JOSA A},
	volume={25},
	number={8},
	pages={2088--2094},
	year={2008},
	publisher={Optical Society of America}
}

@article{goodman1975statistical,
	title={Statistical properties of laser speckle patterns},
	author={Goodman, Joseph W},
	journal={Laser speckle and related phenomena},
	volume={9},
	pages={9--75},
	year={1975},
	publisher={Springer}
}

@article{joyner2001belfast,
	title={From Belfast to Mayo and beyond: the use and future of plethysmography to study blood flow in human limbs},
	author={Joyner, Michael J and Dietz, Niki M and Shepherd, John T},
	journal={Journal of Applied Physiology},
	volume={91},
	number={6},
	pages={2431--2441},
	year={2001},
	publisher={Am Physiological Soc}
}

@article{joannides2006clinical,
	title={Clinical methods for the evaluation of endothelial function--a focus on resistance arteries},
	author={Joannides, Robinson and Bellien, Jeremy and Thuillez, Christian},
	journal={Fundamental \& clinical pharmacology},
	volume={20},
	number={3},
	pages={311--320},
	year={2006},
	publisher={Wiley Online Library}
}

@article{bera2014bioelectrical,
	title={Bioelectrical impedance methods for noninvasive health monitoring: a review},
	author={Bera, Tushar Kanti},
	journal={Journal of medical engineering},
	volume={2014},
	year={2014},
	publisher={Hindawi Publishing Corporation}
}


@article{mattern1957determination,
	title={Determination of number and size of particles by electrical gating: blood cells},
	author={Mattern, Carl FT and Brackett, Frederick S and Olson, Byron J},
	journal={Journal of applied physiology},
	volume={10},
	number={1},
	pages={56--70},
	year={1957},
	publisher={Am Physiological Soc}
}


@article{bracco1996segmental,
	title={Segmental body composition assessed by bioelectrical impedance analysis and DEXA in humans},
	author={Bracco, David and Thiebaud, Daniel and Chiol{\'e}ro, Ren{\'e} L and Landry, Michel and Burckhardt, Peter and Schutz, Yves},
	journal={Journal of Applied Physiology},
	volume={81},
	number={6},
	pages={2580--2587},
	year={1996},
	publisher={Am Physiological Soc}
}

@article{qu1986motion,
	title={Motion artifact from spot and band electrodes during impedance cardiography},
	author={Qu, Minghai and Zhang, Yujian and Webster, John G and Tompkins, Willis J},
	journal={IEEE Transactions on Biomedical Engineering},
	number={11},
	pages={1029--1036},
	year={1986},
	publisher={IEEE}
}

@inproceedings{sherwood1991comparison,
	title={Comparison of spot and band electrodes for monitoring cardiac performance by impedance cardiography during exercise},
	author={Sherwood, A and Royal, S and Turner, R and Hutcheson, S},
	booktitle={Engineering in Medicine and Biology Society, 1991. Vol. 13: 1991., Proceedings of the Annual International Conference of the IEEE},
	pages={796--796},
	year={1991},
	organization={IEEE}
}

@article{patterson1991impedance,
	title={Impedance cardiography using band and regional electrodes in supine, sitting, and during exercise},
	author={Patterson, RP and Wang, Li and Raza, SB},
	journal={IEEE transactions on biomedical engineering},
	volume={38},
	number={5},
	pages={393--400},
	year={1991},
	publisher={IEEE}
}

@article{young1967evaluation,
	title={EVALUATION OF QUANTITATIVE IMPEDANCE PLETHYSMOGRAPHY FOR CONTINUOUS BLOOD FLOW MEASUREMENT: III. BLOOD FLOW DETERMINATION IN VIVO.},
	author={YOUNG JR, DAVID G and COX, ROBERT H and STONER, EMERY K and WILLIAM J ERDMAN, II},
	journal={American Journal of Physical Medicine \& Rehabilitation},
	volume={46},
	number={6},
	pages={1450--1457},
	year={1967},
	publisher={LWW}
}

@article{fleming1986comparison,
	title={Comparison of volume changes in the forearm assessed by impedance and water-displacement plethysmography},
	author={Fleming, JS and Hames, TK and Smallwood, J},
	journal={Medical and Biological Engineering and Computing},
	volume={24},
	number={4},
	pages={375},
	year={1986},
	publisher={Springer}
}

@article{kubicek1970impedance,
	title={Impedance cardiography as a noninvasive method of monitoring cardiac function and other parameters of the cardiovascular system},
	author={Kubicek, WG and Patterson, RP and Witsoe, DA},
	journal={Annals of the New York Academy of Sciences},
	volume={170},
	number={1},
	pages={724--732},
	year={1970},
	publisher={Wiley Online Library}
}

@article{faes1999electric,
	title={The electric resistivity of human tissues (100 Hz-10 MHz): a meta-analysis of review studies},
	author={Faes, TJC and Van der Meij, HA and De Munck, JC and Heethaar, RM},
	journal={Physiological measurement},
	volume={20},
	number={4},
	pages={R1},
	year={1999},
	publisher={IOP Publishing}
}

@article{mcadams1996factors,
	title={Factors affecting electrode-gel-skin interface impedance in electrical impedance tomography},
	author={McAdams, ET and Jossinet, J and Lackermeier, A and Risacher, F},
	journal={Medical and Biological Engineering and Computing},
	volume={34},
	number={6},
	pages={397--408},
	year={1996},
	publisher={Springer}
}

@article{grimnes1983impedance,
	title={Impedance measurement of individual skin surface electrodes},
	author={Grimnes, S},
	journal={Medical and Biological Engineering and Computing},
	volume={21},
	number={6},
	pages={750--755},
	year={1983},
	publisher={Springer}
}

@misc{hainsworth2003syncope,
	title={Syncope: what is the trigger?},
	author={Hainsworth, R},
	year={2003},
	publisher={BMJ Publishing Group Ltd}
}

@article{mccully2004muscle,
	title={Muscle metabolism with blood flow restriction in chronic fatigue syndrome},
	author={McCully, Kevin K and Smith, Sinclair and Rajaei, Sheeva and Leigh, John S and Natelson, Benjamin H},
	journal={Journal of Applied Physiology},
	volume={96},
	number={3},
	pages={871--878},
	year={2004},
	publisher={Am Physiological Soc}
}

@article{seal2007bringing,
	title={Bringing the war back home: Mental health disorders among 103 788 US veterans returning from Iraq and Afghanistan seen at Department of Veterans Affairs Facilities},
	author={Seal, Karen H and Bertenthal, Daniel and Miner, Christian R and Sen, Saunak and Marmar, Charles},
	journal={Archives of internal medicine},
	volume={167},
	number={5},
	pages={476--482},
	year={2007},
	publisher={American Medical Association}
}

@article{wang2011development,
	title={Development of forearm impedance plethysmography for the minimally invasive monitoring of cardiac pumping function},
	author={Wang, Jia-Jung and Hu, Wei-Chih and Kao, Tsiar and Liu, Chun-Peng and Lin, Shih-Kai and others},
	journal={source: Journal of Biomedical Science and Engineering},
	volume={4},
	year={2011}
}

@article{couch1971noninvasive,
	title={Noninvasive measurement of peripheral arterial flow: Impedance cardiograph and ultrasonic Doppler flowmeter},
	author={Couch, Nathan P and Van De Water, Joseph M and Dmochowski, Jan R},
	journal={Archives of Surgery},
	volume={102},
	number={5},
	pages={435--439},
	year={1971},
	publisher={American Medical Association}
}

@article{pallas1993bioelectric,
	title={Bioelectric impedance measurements using synchronous sampling},
	author={Pallas-Areny, Ramon and Webster, John G},
	journal={IEEE transactions on biomedical engineering},
	volume={40},
	number={8},
	pages={824--829},
	year={1993},
	publisher={IEEE}
}

@article{min2000lock,
	title={Lock-in measurement of bio-impedance variations},
	author={Min, Mart and M{\"a}rtens, Olev and Parve, Toomas},
	journal={Measurement},
	volume={27},
	number={1},
	pages={21--28},
	year={2000},
	publisher={Elsevier}
}

@article{dittmar2004new,
	title={New concepts and technologies in home care and ambulatory monitoring},
	author={Dittmar, A and Axisa, F and Delhomme, G and Gehin, C},
	journal={Stud Health Technol Inform},
	volume={108},
	pages={9--35},
	year={2004}
}

@article{hirsch2001peripheral,
	title={Peripheral arterial disease detection, awareness, and treatment in primary care},
	author={Hirsch, Alan T and Criqui, Michael H and Treat-Jacobson, Diane and Regensteiner, Judith G and Creager, Mark A and Olin, Jeffrey W and Krook, Susan H and Hunninghake, Donald B and Comerota, Anthony J and Walsh, M Eileen and others},
	journal={Jama},
	volume={286},
	number={11},
	pages={1317--1324},
	year={2001},
	publisher={American Medical Association}
}

@article{orchard1993assessment,
	title={Assessment of Peripheral Vascular Disease in Diabetes: Report and Recommendations of an International Workshop Sponsored by the American Heart Association and the American Diabetes Association},
	author={Orchard, Trevor J and Strandness, D Eugene},
	journal={Diabetes Care},
	volume={16},
	number={8},
	pages={1199--1209},
	year={1993},
	publisher={Am Diabetes Assoc}
}

@article{creevy1985phlebitis,
	title={Phlebitis associated with noninvasive 24-hour ambulatory blood pressure monitor},
	author={Creevy, Patrisha C and Burris, James F and Mroczek, William J},
	journal={JAMA},
	volume={254},
	number={17},
	pages={2411--2411},
	year={1985},
	publisher={American Medical Association}
}

@article{sy1981ulnar,
	title={Ulnar nerve palsy possibly related to use of automatically cycled blood pressure cuff.},
	author={Sy, Walter P},
	journal={Anesthesia \& Analgesia},
	volume={60},
	number={9},
	pages={687--688},
	year={1981},
	publisher={LWW}
}

% Proceedings and conferences ------------------------------------------------------------------------

@inproceedings{ansari2010impedance,
	title={Impedance plethysmography on the arms: Respiration monitoring},
	author={Ansari, Sardar and Belle, Ashwin and Najarian, Kayvan and Ward, Kevin},
	booktitle={Bioinformatics and Biomedicine Workshops (BIBMW), 2010 IEEE International Conference on},
	pages={471--472},
	year={2010},
	organization={IEEE}
}

@inproceedings{cho2009bio,
  title={A bio-impedance measurement system for portable monitoring of heart rate and pulse wave velocity using small body area},
  author={Cho, Min-Chang and Kim, Jee-Yeon and Cho, SeongHwan},
  booktitle={2009 IEEE International Symposium on Circuits and Systems},
  pages={3106--3109},
  year={2009},
  organization={IEEE}
}
@inproceedings{risacher1992computation,
  title={Computation of the pulse wave velocity in limbs from multichannel impedance plethysmography},
  author={Risacher, F and Jossinet, J and McAdams, E and Eynard, C and McLaughlin, J and Schmitt, M},
  booktitle={Engineering in Medicine and Biology Society (EMBS), 1992. 14th Annual International Conference of the IEEE},
  volume={5},
  pages={1744--1745},
  year={1992}
}
@inproceedings{cheng2012application,
  title={The Application of Bioimpedance Method for Foot Sole Blood Perfusion Characterization},
  author={Cheng, Kuo-Sheng and Ko, Yen-Fen and Wang, Ting},
  booktitle={Genetic and Evolutionary Computing (ICGEC), 2012 Sixth International Conference on},
  pages={211--213},
  year={2012},
  organization={IEEE}
}

@inproceedings{dos2010insole,
  title={Insole with pressure control and tissue neoformation induction systems for diabetic foot},
  author={dos Reis, Maria do Carmo and Soares, Fabiano A and da Rocha, Adson F and Carvalho, Jo{\~a}o LA and Rodrigues, Su{\'e}lia SFR},
  booktitle={2010 Annual International Conference of the IEEE Engineering in Medicine and Biology},
  pages={5748--5751},
  year={2010},
  organization={IEEE}
}

@inproceedings{hebling20102010,
  title={2010 IEEE Photonics Society Winter Topicals Meeting Series, WTM 2010},
  author={Hebling, J and F{\"u}l{\"o}p, J and P{\'a}lfalvi, L and Alm{\'a}si, G},
  booktitle={2010 IEEE Photonics Society Winter Topicals Meeting, WTM 2010},
  year={2010}
}

@inproceedings{papazoglou2008assessment,
  title={Assessment of diabetic foot ulcers with diffuse near infrared methodology},
  author={Papazoglou, Elisabeth S and Weingarten, Michael S and Zubkov, Leonid and Neidrauer, Michael and Pourrezaei, Kambiz},
  booktitle={BioInformatics and BioEngineering, 2008. BIBE 2008. 8th IEEE International Conference on},
  pages={1--5},
  year={2008},
  organization={IEEE}
}

@inproceedings{yusuf2013diagnosis,
  title={Diagnosis of bacteria for diabetic foot infection using electronic nose technology},
  author={Yusuf, N and Omar, MI and Zakaria, A and Abdullah, AA and Kamarudin, LM and Shakaff, AYM and Masnan, MJ and Zakaria, NZ I and Yeap, EJ and Othman, A and others},
  booktitle={Wireless Sensor (ICWISE), 2013 IEEE Conference on},
  pages={114--118},
  year={2013},
  organization={IEEE}
}

@inproceedings{corciova2011peripheral,
	title={Peripheral Vascular Measurement Using Electrical Impedance Plethysmography},
	author={Corciova, C and Ciorap, R and Matei, R and Salceanu, A},
	booktitle={International Conference on Advancements of Medicine and Health Care through Technology},
	pages={136--139},
	year={2011},
	organization={Springer}
}


@inproceedings{mcadams2006characterization,
	title={Characterization of gold electrodes in phosphate buffered saline solution by impedance and noise measurements for biological applications},
	author={McAdams, ET and Jossinet, J and Subramanian, R and McCauley, RGE},
	booktitle={Engineering in Medicine and Biology Society, 2006. EMBS'06. 28th Annual International Conference of the IEEE},
	pages={4594--4597},
	year={2006},
	organization={IEEE}
}

@inproceedings{caicedo2012use,
	title={Use of electrocardiogram (ECG) electrodes for Bioelectrical Impedance Analysis (BIA)},
	author={Caicedo-Eraso, JC and Gonz{\'a}lez-Correa, CH and Gonz{\'a}lez-Correa, CA},
	booktitle={Journal of Physics: Conference Series},
	volume={407},
	number={1},
	pages={012008},
	year={2012},
	organization={IOP Publishing}
}

@inproceedings{lozano1997electrode,
	title={Electrode errors in bioimpedance measurement systems for long-term applications},
	author={Lozano, Albert},
	booktitle={Biomedical Engineering Conference, 1997., Proceedings of the 1997 Sixteenth Southern},
	pages={3--6},
	year={1997},
	organization={IEEE}
}

@inproceedings{kun1994tissue,
	title={Tissue ischemia detection using impedance spectroscopy},
	author={Kun, Stevan and Peura, Robert A},
	booktitle={Engineering in Medicine and Biology Society, 1994. Engineering Advances: New Opportunities for Biomedical Engineers. Proceedings of the 16th Annual International Conference of the IEEE},
	volume={2},
	pages={868--869},
	year={1994},
	organization={IEEE}
}

@inproceedings{ristic1997muscle,
	title={Muscle tissue ischemia monitoring using impedance spectroscopy: analysis of R/sub 0/and/spl tau/variations with ischemia},
	author={Ristic, Borislav and Kun, S and Peura, RA},
	booktitle={Bioengineering Conference, 1997., Proceedings of the IEEE 1997 23rd Northeast},
	pages={7--8},
	year={1997},
	organization={IEEE}
}

@inproceedings{saulnier2007electrical,
	title={An electrical impedance spectroscopy system for breast cancer detection},
	author={Saulnier, Gary J and Liu, Ning and Tamma, Chandana and Xia, Hongjun and Kao, Tzu-Jen and Newell, JC and Isaacson, David},
	booktitle={Engineering in Medicine and Biology Society, 2007. EMBS 2007. 29th Annual International Conference of the IEEE},
	pages={4154--4157},
	year={2007},
	organization={IEEE}
}

@inproceedings{swanson1976origin,
	title={Origin of the electrical impedance pulse in the limbs},
	author={Swanson, DK and Webster, JG},
	booktitle={Proceedings of the 29th Annual Conference on Engineering in Medicine \& Biology},
	volume={18},
	pages={324},
	year={1976}
}

@inproceedings{yufera2002integrated,
	title={An integrated circuit for tissue impedance measure},
	author={Yufera, A and Leger, G and Rodriguez-Villegas, EO and Mu{\~n}oz, JM and Rueda, A and Ivorra, A and Gomez, R and Noguera, N and Aguil{\'o}, J},
	booktitle={Microtechnologies in Medicine \& Biology 2nd Annual International IEEE-EMB Special Topic Conference on},
	pages={88--93},
	year={2002},
	organization={IEEE}
}

% Thesis --------------------------------------------------------------------
@phdthesis{songer2001tissue,
  title={Tissue ischemia monitoring using impedance spectroscopy: Clinical evaluation},
  author={Songer, Locelyn},
  year={2001},
  school={Worcester Polytechnic Institute}
}

@phdthesis{bertemes2002tissue,
	title={Tissue characterisation using an impedance spectrosopy probe},
	author={Bertemes Filho, Pedro},
	year={2002},
	school={University of Sheffield}
}
@phdthesis{Visser1992Electric,
	title = {Electric properties of blood and impedance cardiography},
	author = {Visser, Klaas Rinse},
	year = {1992},
	school = {University of Groningen}
}

% Books --------------------------------------------------------------------
@book{marieb2007human,
  title={Human anatomy \& physiology},
  author={Marieb, Elaine Nicpon and Hoehn, Katja},
  year={2007},
  publisher={Pearson Education}
}

@book{brown1998medical,
  title={Medical physics and biomedical engineering},
  author={Brown, Brian H and Smallwood, RH and Barber, DC and Lawford, PV and Hose, DR},
  year={1998},
  publisher={CRC Press}
}

@book{mohapatra1981non,
	title={Non-invasive cardiovascular monitoring by electrical impedance technique},
	author={Mohapatra, Surya N},
	year={1981},
	publisher={Pitman Medical}
}

@book{martinsen2011bioimpedance,
	title={Bioimpedance and bioelectricity basics},
	author={Martinsen, Orjan G and Grimnes, Sverre},
	year={2011},
	publisher={Academic press}
}

@book{lvovich2012impedance,
	title={Impedance spectroscopy: applications to electrochemical and dielectric phenomena},
	author={Lvovich, Vadim F},
	year={2012},
	publisher={John Wiley \& Sons}
}

@misc{tremper1990principles,
	title={Principles of Applied Biomedical Instrumentation},
	author={Tremper, Kevin K},
	year={1990},
	publisher={LWW}
}

@book{barsoukov2005impedance,
	title={Impedance spectroscopy: theory, experiment, and applications},
	author={Barsoukov, Evgenij and Macdonald, J Ross},
	year={2005},
	publisher={John Wiley \& Sons}
}

@book{johnson2001biology,
	title={Biology: Principles \& Explorations},
	author={Johnson, George Brooks and Raven, Peter H},
	year={2001},
	publisher={Holt, Rinehart and Winston Orlando, FL}
}

@book{webster2009medical,
	title={Medical instrumentation: application and design},
	author={Webster, John},
	year={2009},
	publisher={John Wiley \& Sons}
}

@book{neuman2000biomedical,
	title={The Biomedical Engineering Handbook: Second Edition},
	chapter={Biopotential Electrodes},
	author={Neuman, M. R.},
	editor={Joseph D. Bronzino},
	year={2000},
	publisher={CRC Press LLC}
}

@book{ohm1827galvanische,
	title={Die galvanische Kette, mathematisch bearbeitet},
	author={Ohm, Georg Simon},
	year={1827},
	publisher={TH Riemann}
}

@book{nichols2011mcdonald,
	title={McDonald's blood flow in arteries: theoretical, experimental and clinical principles},
	author={Nichols, Wilmer and O'Rourke, Michael and Vlachopoulos, Charalambos},
	year={2011},
	publisher={CRC press}
}

@book{nichols2011chp8mcdonald,
	title={McDonald's blood flow in arteries: theoretical, experimental and clinical principles},
	author={Nichols, Wilmer and O'Rourke, Michael and Vlachopoulos, Charalambos},
	year={2011},
	chapter={Chapter 8. Ultrasound},
	publisher={CRC press}
}

@book{nichols2011chp23mcdonald,
	title={McDonald's blood flow in arteries: theoretical, experimental and clinical principles},
	author={Nichols, Wilmer and O'Rourke, Michael and Vlachopoulos, Charalambos},
	year={2011},
	pages={499-504},
	chapter={Chapter 23. Atherosclerosis},
	publisher={CRC press}
}



@book{Weinhaus2015,
	Abstract = {This chapter covers the internal and external anatomy of the heart, its positioning within the thorax, and its basic function. Briefly, the heart is a muscular pump, located in the protective thorax, which serves two functions: (1) collect blood from the tissues of the body and pump it to the lungs and (2) collect blood from the lungs and pump it to all the tissues of the body. The heart's two upper chambers (or atria) function primarily as collecting chambers, while two lower chambers (ventricles) are much stronger and function to pump blood. The right atrium and ventricle collect blood from the body and pump it to the lungs, and the left atrium and ventricle collect blood from the lungs and pump it throughout the body. There is a one-way flow of blood through the heart which is maintained by a set of four valves (tricuspid, bicuspid, pulmonary, and aortic). The tissues of the heart are supplied with nourishment and oxygen by a separate vascular supply committed only to the heart; the arterial supply to the heart arises from the base of the aorta as the right and left coronary arteries, and the venous drainage is via cardiac veins that return deoxygenated blood to the right atrium.},
	Address = {Cham},
	Author = {Weinhaus, Anthony J.},
	Booktitle = {Handbook of Cardiac Anatomy, Physiology, and Devices},
	Doi = {10.1007/978-3-319-19464-6_5},
	Editor = {Iaizzo, Paul A.},
	Isbn = {978-3-319-19464-6},
	Pages = {61--88},
	Publisher = {Springer International Publishing},
	Title = {Anatomy of the Human Heart},
	Url = {https://doi.org/10.1007/978-3-319-19464-6_5},
	Year = {2015},
	Bdsk-Url-1 = {https://doi.org/10.1007/978-3-319-19464-6_5},
	Bdsk-Url-2 = {http://dx.doi.org/10.1007/978-3-319-19464-6_5}}



@book{Hall:2015aa,
	Address = {Saint Louis, UNITED STATES},
	Author = {Hall, John E. },
	Date = {2015//},
	Date-Added = {2018-02-15 16:38:45 +0000},
	Date-Modified = {2018-02-15 16:38:45 +0000},
	Id = {2074577},
	Isbn = {9780323389303},
	Keywords = {Human physiology.},
	Publisher = {Elsevier Health Sciences},
	Title = {Guyton and Hall Textbook of Medical Physiology},
	Ty = {BOOK},
	Url = {http://ebookcentral.proquest.com/lib/kcl/detail.action?docID=2074577},
	Year = {2015},
	Bdsk-Url-1 = {http://ebookcentral.proquest.com/lib/kcl/detail.action?docID=2074577}}


@book{scanlon2014essentials,
	title={Essentials of anatomy and physiology},
	author={Scanlon, Valerie C and Sanders, Tina},
	year={2014},
	publisher={FA Davis}
}
% Manuals------------------------------------------------------------------------
@manual{ad:AD8066,
    organization  = "Analog Devices",
    title         = "High Performance, 145 MHz FastFET Op Amps AD8065/AD8066",
    number        = "AD8065 AD8066",
    year          =  2016,   
    note          = "Rev. K"
}
@manual{ad:AD8421,
    organization  = "Analog Devices",
    title         = "3 nV/$\sqrt{Hz}$, Low Power Instrumentation Amplifier AD8421",
    number        = "AD8421",
    year          =  2012,   
    note          = "Rev. O"
}
@manual{ad:AD5930,
    organization  = "Analog Devices",
    title         = "Programmable Frequency Sweep and Output Burst Waveform Generator AD5930",
    number        = "AD5930",
    year          =  2015,
    note          = "Rev. C"
}
@manual{ad:AD8137,
    organization  = "Analog Devices",
    title         = "Low Cost, Low Power, Differential ADC Driver AD8137",
    number        = "AD8137",
    year          =  2012,
    note          = "Rev. E"
}
@manual{ti:TL08xx,
    organization  = "Texas Instruments",
    title         = "TL08xx JFET-Input Operational Amplifiers",
    number        = "TL08xx",
    year          =  2015,
    month		 = May, 
    note          = "Rev. I"
}
@manual{ht:MD2,
    organization  = "Huntleigh Healthcare",
    title         = "Service Manual - Dopplex\textsuperscript{\textregistered} Hand Held Dopplers",
    number        = "MD2",
    year          =  2004,
    note          = "Rev. 726374-2"
}
@manual{moor:LDF2,
	organization  = "Moor instruments Ltd",
	title         = "moorVMS-LDF User Manual",
	number        = "LDF2",
	year          =  2009,
	note          = "Version 2.0 Date:14/01/2009"
}

@manual{remco:delta60,
	organization  = "Remco Italia S.p.A",
	title         = "Cardioline\textsuperscript{\textregistered} Delta 60 Plus Service Manual",
	number        = "Delta 60 Plus",
	year          =  1996,
	note          = "version/IN/Rel. 1.4"
}
% Miscelaneous ------------------------------------------------------------------------
@misc{fredriksson2007laser,
	title={Laser doppler flowmetry-a theoretical framework},
	author={Fredriksson, Ingemar and Fors, Carina and Johansson, Johannes},
	year={2007}
}
@misc{surgeonhand2002Hand,
	title={Hand-held Doppler Ultrasound: The assessment of lower limb arterial and venous disease},
	author={Vowden, Kathryn and Vowden, Peter},
	year={2002},
	publisher={Huntleigh Healthcare} 
}

@misc{turcott2004methods,
	title={Methods and devices for vascular plethysmography via modulation of source intensity},
	author={Turcott, Robert},
	year={2004},
	month=may # "~4",
	publisher={Google Patents},
	note={US Patent 6,731,967}
}

@misc{flowers1981strain,
	title={Strain gauge plethysmograph},
	author={Flowers, Edward P},
	year={1981},
	month=mar # "~31",
	publisher={Google Patents},
	note={US Patent 4,258,720}
}
% Software ------------------------------------------------------------------------
@book{MATLAB:2016,
	year = {2016},
	author = {MATLAB},
	title = {version 9.1.0.441655 (R2010b)},
	publisher = {The MathWorks Inc.},
	address = {Natick, Massachusetts}
}


@book{LabView:2016,
	year = {2016},
	author = {LabView},
	title = {version 12},
	publisher = {National Instruments Corporation},
	address = {Austin, Texas}
}

@book{holohan1996plethysmography,
	title={Plethysmography: Safety, Effectiveness, and Clinical Utility in Diagnosing Vascular Disease},
	author={Holohan, Thomas V},
	year={1996},
	publisher={DIANE Publishing}
}

@book{callegaro2012electrical,
	title={Electrical impedance: principles, measurement, and applications},
	author={Callegaro, Luca},
	year={2012},
	publisher={CRC Press}
}


% Websites ------------------------------------------------------------------------
@misc{bloodcirculation,
	title = {Key to a long life? Having good BLOOD circulation, new study finds},
	howpublished = {\url{http://www.express.co.uk/life-style/health/707497/Key-long-life-having-good-blood-circulation-new-study-finds}},
	note = {Accessed: 2017-10-10}
}

@misc{fdaini,
	title = {Medical Device Home Use Initiative},
	howpublished = {\url{https://www.fda.gov/downloads/UCM209056.pdf}},
	note = {Accessed: 2017-10-11}
}

@misc{simsense,
	title = {Simsense},
	howpublished = {\url{https://www.simband.io/documentation/sensor-module-documentation/simsense}},
	note = {Accessed: 2016-02-10}
}

@misc{impedimed,
	title = {Products},
	howpublished = {\url{https://www.impedimed.com/products/}},
	note = {Accessed: 2016-02-10}
}

@misc{cheetah,
	title = {Clinical Application},
	howpublished = {\url{https://www.cheetah-medical.com/clinical-applications/}},
	note = {Accessed: 2016-02-10}
}

@misc{tanita,
	title = {MC-780U Multi Frequency Segmental Body Composition Analyzer},
	howpublished = {\url{http://www.tanita.com/en/mc-780/}},
	note = {Accessed: 2016-02-10}
}

@misc{medis,
	title = {Patient monitoring and cardio-vascular diagnosis},
	howpublished = {\url{ https://medis.company/cms//}},
	note = {Accessed: 2017-10-10}
}

@misc{chapter4bloodflow,
	title = {Chapter 4, Blood Flow Hemodynamics, Cardiac Mechanics, and Doppler Echocardiography},
	publisher={Jones and Barlett Publishers},
	howpublished = {\url{http://samples.jbpub.com/9780763779351/79351_CH04_BulwerSec.pdf}},
	note = {Accessed: 2016-10-10}
}

@misc{ultrasoundinstrument,
	title = {Summit Doppler L300AC LifeDop ABI Doppler System},
	publisher={QuickMedical},
	howpublished = {\url{https://tinyurl.com/yc9ajlbt}},
	note = {Accessed: 2017-09-29}
}

@misc{nokiabpm,
	title = {Nokia Blood Pressure Monitor BPM+},
	publisher={Nokia},
	howpublished = {\url{https://health.nokia.com/uk/en/blood-pressure-monitor}},
	note = {Accessed: 2017-10-7}
}

@misc{IEC60601,
	title = {International Standard, IEC 60601-1},
	publisher={IEC publications},
	howpublished = {\url{http://www.ele.uri.edu/courses/bme484/iec60601-1ed3.0_parts.pdf}},
	note = {Accessed: 2017-12-1}
}


@misc{culbert2017user,
	title={User identification system based on plethysmography},
	author={Culbert, Daniel J},
	year={2017},
	month=jun # "~6",
	publisher={Google Patents},
	note={US Patent 9,668,676}
}

@misc{kubicek1979impedance,
	title={Impedance plethysmograph},
	author={Kubicek, William G and Kinnen, Edwin and Patterson, Robert P and Witsoe, David A},
	year={1979},
	month=sep # "~25",
	publisher={Google Patents},
	note={US Patent RE30,101}
}




